@inproceedings{bremananth2005new,
  title={A new approach to coin recognition using neural pattern analysis},
  author={Bremananth, R and Balaji, B and Sankari, M and Chitra, A},
  booktitle={INDICON, 2005 Annual IEEE},
  pages={366--370},
  year={2005},
  organization={IEEE}
}

@inproceedings{chetan2013robust,
  title={A Robust Method of Image Based Coin Recognition},
  author={Chetan, BV and Vijaya, PA},
  booktitle={Proceedings of International Conference on Advances in Computing},
  pages={911--918},
  year={2013},
  organization={Springer}
}

@misc{bcb,
  title = {Banco Central do Brasil},
  howpublished = {\url{https://www.bcb.gov.br/htms/mecir/mcomum/mecomum.asp/https://www.bcb.gov.br/htms/mecir/mcomum/mecomum.asp}},
  note = {Accessed: 2017-06-29}
}

@article{kaur2015coin,
  title={COIN RECOGNITION SYSTEM WITH ROTATION INVARIANT USING ARTIFICIAL NEURAL NETWORK},
  author={Kaur, Sandeep and Kaur, Mandeep},
  year={2015}
}

@article{modi2013automated,
  title={Automated coin recognition system using ANN},
  author={Modi, Shatrughan and Bawa, Dr and others},
  journal={arXiv preprint arXiv:1312.6615},
  year={2013}
}

@article{fukumi1992rotation,
  title={Rotation-invariant neural pattern recognition system with application to coin recognition},
  author={Fukumi, Minoru and Omatu, Sigeru and Takeda, Fumiaki and Kosaka, Toshihisa},
  journal={IEEE Transactions on Neural Networks},
  volume={3},
  number={2},
  pages={272--279},
  year={1992},
  publisher={IEEE}
}

@article{kaur2014review,
  title={REVIEW ON THE COIN RECOGNITION SYSTEM WITH ROTATION INVARIANT},
  author={Kaur, Sandeep and Kaur, Mandeep},
  year={2014}
}

@misc{gonzalez2010processamento,
  title={Processamento Digital de Imagens. Tradu{\c{c}}{\~a}o de Cristina Yamagami e Leonardo Piamonte},
  author={Gonzalez, Rafael C and Woods, RC},
  year={2010},
  publisher={S{\~a}o Paulo: Pearson Prentice Hall}
}