@inproceedings{bremananth2005new,
  title={A new approach to coin recognition using neural pattern analysis},
  author={Bremananth, R and Balaji, B and Sankari, M and Chitra, A},
  booktitle={INDICON, 2005 Annual IEEE},
  pages={366--370},
  year={2005},
  organization={IEEE}
}

@inproceedings{chetan2013robust,
  title={A Robust Method of Image Based Coin Recognition},
  author={Chetan, BV and Vijaya, PA},
  booktitle={Proceedings of International Conference on Advances in Computing},
  pages={911--918},
  year={2013},
  organization={Springer}
}

@misc{bcb,
  title = {Banco Central do Brasil},
  howpublished = {\url{https://www.bcb.gov.br/htms/mecir/mcomum/mecomum.asp/https://www.bcb.gov.br/htms/mecir/mcomum/mecomum.asp}},
  note = {Accessed: 2017-06-29}
}

@article{kaur2015coin,
  title={COIN RECOGNITION SYSTEM WITH ROTATION INVARIANT USING ARTIFICIAL NEURAL NETWORK},
  author={Kaur, Sandeep and Kaur, Mandeep},
  year={2015}
}

@article{modi2013automated,
  title={Automated coin recognition system using ANN},
  author={Modi, Shatrughan and Bawa, Dr and others},
  journal={arXiv preprint arXiv:1312.6615},
  year={2013}
}

@article{fukumi1992rotation,
  title={Rotation-invariant neural pattern recognition system with application to coin recognition},
  author={Fukumi, Minoru and Omatu, Sigeru and Takeda, Fumiaki and Kosaka, Toshihisa},
  journal={IEEE Transactions on Neural Networks},
  volume={3},
  number={2},
  pages={272--279},
  year={1992},
  publisher={IEEE}
}

@article{kaur2014review,
  title={REVIEW ON THE COIN RECOGNITION SYSTEM WITH ROTATION INVARIANT},
  author={Kaur, Sandeep and Kaur, Mandeep},
  year={2014}
}

@misc{gonzalez2010processamento,
  title={Processamento Digital de Imagens. Tradu{\c{c}}{\~a}o de Cristina Yamagami e Leonardo Piamonte},
  author={Gonzalez, Rafael C and Woods, RC},
  year={2010},
  publisher={S{\~a}o Paulo: Pearson Prentice Hall}
}

@article{ioannou1999circle,
  title={Circle recognition through a 2D Hough transform and radius histogramming},
  author={Ioannou, Dimitrios and Huda, Walter and Laine, Andrew F},
  journal={Image and vision computing},
  volume={17},
  number={1},
  pages={15--26},
  year={1999},
  publisher={Elsevier}
}

@article{yuen1990comparative,
  title={Comparative study of Hough transform methods for circle finding},
  author={Yuen, HK and Princen, John and Illingworth, John and Kittler, Josef},
  journal={Image and vision computing},
  volume={8},
  number={1},
  pages={71--77},
  year={1990},
  publisher={Elsevier}
}

@article{kerbyson1995circle,
  title={Circle detection using Hough transform filters},
  author={Kerbyson, DJ and Atherton, TJ},
  year={1995},
  publisher={IET}
}

@article{illingworth1987adaptive,
  title={The adaptive Hough transform},
  author={Illingworth, John and Kittler, Josef},
  journal={IEEE Transactions on Pattern Analysis and Machine Intelligence},
  number={5},
  pages={690--698},
  year={1987},
  publisher={IEEE}
}

@article{guil1997lower,
  title={Lower order circle and ellipse Hough transform},
  author={Guil, Nicol{\'a}s and Zapata, Emilio L},
  journal={Pattern Recognition},
  volume={30},
  number={10},
  pages={1729--1744},
  year={1997},
  publisher={Elsevier}
}